<collection xmlns="http://www.loc.gov/MARC21/slim">
<record>
  <leader>00577na 0a22001091i 450 </leader>
  <controlfield tag="001">IT\ICCU\CNCE\049844</controlfield>
  <controlfield tag="005">20040705000000.0</controlfield>
  <datafield tag="100" ind1=" " ind2=" ">
    <subfield code="a">19991129             0itac0103    ba</subfield>
  </datafield>
  <datafield tag="101" ind1=" " ind2=" ">
    <subfield code="a">ITA</subfield>
  </datafield>
  <datafield tag="200" ind1="1" ind2=" ">
    <subfield code="a">Dichiaratione di tutte le istorie, che si contengono ne i quadri posti nouamente nelle sale dello scrutinio, et del gran consiglio, del Palagio ducale della serenissima Repubblica di Vinegia, nella quale si ha piena intelligenza delle pi ̮segnalate vittorie; conseguite di varie nationi del mondo da i vinitiani</subfield>
  </datafield>
  <datafield tag="700" ind1=" " ind2="1">
    <subfield code="a">Bardi,</subfield>
    <subfield code="b">Girolamo</subfield>
    <subfield code="3">IT\ICCU\CNCA\001384</subfield>
  </datafield>
  <datafield tag="801" ind1=" " ind2="3">
    <subfield code="a">IT</subfield>
    <subfield code="b">ICCU</subfield>
    <subfield code="c">20201115</subfield>
  </datafield>
</record>
</collection>
